@online{Onsip.2017,
	title = {Onsip : UDP versus TCP for VoIP},
	url = {https://www.onsip.com/blog/udp-versus-tcp-for-voip},
	urldate = {2017-06-17}
}

@article{berryman2010tutorials,
  title={Tutorials on Agent-based modelling with NetLogo and Network Analysis with Pajek},
  author={Berryman, Matthew J and Angus, Simon D},
  journal={Complex Physical, Biophysical and Econophysical Systems},
  pages={351--375},
  year={2010},
  publisher={World Scientific, Hackensack, NJ}
}

@inproceedings{carley2002simulating,
  title={Simulating society: The tension between transparency and veridicality},
  author={Carley, Kathleen M},
  booktitle={Proceedings of Agents},
  pages={2--2},
  year={2002}
}

@article{venzke2014standortlokalisierung,
  title={Standortlokalisierung und personalisierte nutzeransprache mittels bluetooth low energy beacons},
  author={Venzke-Caprarese, Sven},
  journal={Datenschutz und Datensicherheit-DuD},
  volume={38},
  number={12},
  pages={839--844},
  year={2014},
  publisher={Springer}
}

@online{NetLogoHome,
	title = {NetLogo Homepage},
	url = {https://ccl.northwestern.edu/netlogo/index.shtml},
	urldate = {2017-07-09}
}

@online{NetLogoDocu,
	title = {NetLogo Documentation},
	url = {http://ccl.northwestern.edu/netlogo/docs/},
	urldate = {2017-07-09}
}

@online{beaconPrognose,
	title = {iBeacon/BLE Beacon Shipments to Break 60 Million by 2019},
	url = {https://www.abiresearch.com/press/ibeaconble-beacon-shipments-to-break-60-million-by/},
	urldate = {2017-07-09}
}

@online{googleNearby,
	title = {Nearby zur Interaktion mit Ihrer Umgebung verwenden},
	url = {https://support.google.com/accounts/answer/6260286?hl=de},
	urldate = {2017-07-09}
}

@online{physicalWebApp,
	title = {Physical Web App for iOS},
	url = {https://itunes.apple.com/de/app/physical-web/id927653608?mt=8},
	urldate = {2017-07-09}
}

@online{iosVsAndroid,
	title = {iOS Returns to Growth in the US, EU5},
	url = {https://www.kantarworldpanel.com/global/News/iOS-Returns-to-Growth-in-the-US-EU5#},
	urldate = {2017-07-09}
}

@online{androidPlatformVersions,
	title = {Android Developer Dashboards},
	url = {https://developer.android.com/about/dashboards/index.html},
	urldate = {2017-07-09}
}

@online{bluetoothUsage,
	title = {Nutzen Sie Bluetooth auf Ihrem Handy? Wenn ja, wie?},
	url = {https://de.statista.com/statistik/daten/studie/454976/umfrage/nutzung-von-bluetooth-auf-dem-handy-in-oesterreich/},
	urldate = {2017-07-09}
}

@online{androidHistorical,
	title = { Historical Android version distribution according to Android Market/Play Store usage, summing up data since December 2009},
	url = {https://commons.wikimedia.org/wiki/File:Android_historical_version_distribution_-_vector.svg/},
	urldate = {2017-07-16}
}

@online{Rakete7,
	title = {Rakete 7 homepage},
	url = {https://www.rakete7.com},
	urldate = {2017-07-28}	
}

@online{Rakete7Substance,
	title = {Rakete 7 Substance},
	url = {https://substance.rakete7.com/#/login},
	urldate = {2017-07-28}	
}

@online{GoogleNearbyApiHomePage,
	title = {Google Nearby Api},
	url = {https://developers.google.com/nearby/},
	urldate = {2017-07-28}	
}

@online{GooglePhysicalWeb,
	title = {Google Physical Web},
	url = {https://google.github.io/physical-web/},
	urldate = {2017-07-28}	
}

@online{MACVendorsApi,
	title = {MAC Vendors Api},
	url = {https://www2.macvendors.com},
	urldate = {2017-07-28}	
}

@online{OrganizationallyUniqueIdentifier,
	title = {Vendor Specific Information From MAC Address},
	url = {https://en.wikipedia.org/wiki/Organizationally_unique_identifier},
	urldate = {2017-07-28}	
}

@online{ExploringPhysicalWebwithResourceConstrainedCommunities,
	title = {Exploring the use of the Physical Web with Resource-Constrained Communities},
	url = {http://cs.swan.ac.uk/~cssimonr/publications/Physical-Web-with-Resource-Constrained-Communities.pdf},
	urldate = {2017-07-28}
}

@online{IOTImpactofPhysicalWebBLE,
	title = {IOT: IMPACT OF THE PHYSICAL WEB AND BEACONS},
	url = {http://maui.hawaii.edu/cybersecurity/wp-content/uploads/sites/13/2013/01/Impact-of-the-Physical-Web-and-Beacons-1.pdf},
	urldate = {2017-07-28}
}

@online{PhysicalWebAndiBeacon,
	title = {How Google's Physical Web and Apple's iBeacon will impact IOT},
	url = {https://blog.beacongrid.com/blog/how-googles-physical-web-and-ibeacon-will-impact-iot},
	urldate = {2017-07-28}
}

@online{BuildingWorldsFirstConsumerPhysicalWebEngagementExperience,
	title = {Building the Worldâ€™s First Consumer Physical Web Engagement Experience},
	url = {http://www.proxama.com/news/building-the-worlds-first-consumer-physical-web-engagement-experience/},
	urldate = {2017-07-28}
}

@online{PhysicalWebIssues,
	title = {Physical Web Issues},
	url = {https://github.com/google/physical-web/issues},
	urldate = {2017-07-28}
}


@online{LifeInTheWorldOfPhysicalWeb,
	title = {Life In The World Of Physical Web},
	url = {http://www.massey.ac.nz/massey/about-massey/news/article.cfm?mnarticle_uuid=EEC9EDCF-F485-DC47-513B-A12FE75C3058},
	urldate = {2017-07-28}
}

@online{CaseStudyImpactOfPhysicalWebAndBLEBeacons,
	title = {Case Study: Impact of the Physical Web and BLE Beacons},
	url = {https://scholarspace.manoa.hawaii.edu/bitstream/10125/41676/1/paper0527.pdf},
	urldate = {2017-07-28}
}

@online{PennStateUniversitytakingattendanceusingbeacons,
	title = {Penn State University taking attendance using beacons},
	url = {https://evothings.com/penn-state-university-taking-attendance-using-beacons/},
	urldate = {2017-07-28}
}

@online{NetworkProximityandPhysicalWeb,
	title = {Network Proximity and Physical Web},
	url = {http://www.inase.org/library/2015/books/bypaper/MCSI/MCSI-32.pdf},
	urldate = {2017-07-28}
}

@online{BeaconSage,
	title = {Beacon Sage},
	url = {https://www.beaconsage.com},
	urldate = {2017-07-28}
}

@online{EddyStone,
	title = {Google Eddystone Specification},
	url = {https://github.com/google/eddystone},
	urldate = {2017-07-28}
}

@online{GoogleBeaconPlatform,
	title = {Google Beacon Platform},
	url = {https://developers.google.com/beacons/},
	urldate = {2017-07-28}
}

@online{Proxama,
	title = {Proxama},
	url = {http://www.proxama.com},
	urldate = {2017-07-28}
}

@online{ProxamaTapPoint,
	title = {Proxama Tap Point},
	url = {http://www.tappoint.com/login/?next=/},
	urldate = {2017-07-28}
}

@online{AristotleLabs,
	title = {Aristotle Labs},
	url = {http://www.aristotlelabs.com},
	urldate = {2017-07-28}
}

@online{JavaEE,
	title = {Java EE},
	url = {http://www.oracle.com/technetwork/java/javaee/overview/index.html},
	urldate = {2017-07-28}
}

@online{Gradle,
	title = {Gradle},
	url = {https://gradle.org},
	urldate = {2017-07-28}
}

@online{Docker,
	title = {Docker},
	url = {https://www.docker.com},
	urldate = {2017-07-28}
}

@online{PHP,
	title = {PHP},
	url = {http://php.net/manual/en/intro-whatis.php},
	urldate = {2017-07-28}
}

@online{MySQL,
	title = {MySQL},
	url = {https://www.mysql.com},
	urldate = {2017-07-28}
}

@online{PostgreSQL,
	title = {PostgreSQL},
	url = {https://www.postgresql.org},
	urldate = {2017-07-28}
}

@online{MACAddress,
	title = {MAC Address},
	url = {https://en.wikipedia.org/wiki/MAC_address},
	urldate = {2017-07-28}
}

@online{OUI,
	title = {Organizationally Unique Identifier},
	url = {https://en.wikipedia.org/wiki/Organizationally_unique_identifier},
	urldate = {2017-07-28}
}

@online{DockerCompose,
	title = {Docker Compose},
	url = {https://docs.docker.com/compose/},
	urldate = {2017-07-28}
}

@online{Glassfish,
	title = {Glassfish},
	url = {https://javaee.github.io/glassfish/},
	urldate = {2017-07-28}
}

@online{CodeIgniter,
	title = {CodeIgniter},
	url = {https://codeigniter.com},
	urldate = {2017-07-28}
}

@online{Plotly,
	title = {Plotly},
	url = {https://plot.ly},
	urldate = {2017-07-28}
}
